
@misc{FuzzyModel,
  author =    {A. P. Rotshtein, M. Posner, and A. B. Rakityanskaya},
  title =  {FOOTBALL PREDICTIONS BASED ON A FUZZY MODEL WITH GENETIC AND NEURAL TUNING},
  url =    {https://link-springer-com.proxyiub.uits.iu.edu/content/pdf/10.1007%2Fs10559-005-0098-4.pdf},
  lastaccessed = {Oct 30, 2017},
  year = {2005}
}

@misc{SoccerData,
  author = {Football-Data},
  title =  {Football-Data},
  url =    {http://www.football-data.co.uk},
  lastaccessed = {Dec 1, 2017},
  year = {2017}
}

@misc{paper2,
  author = {Josh Lipe-Melton},
  title =  {Big Data Applications in Team Sports Predictive Analytics},
  url =    {https://github.com/bigdata-i523/hid105/blob/master/paper2/report.tex},
  lastaccessed = {Dec 5, 2017},
  year = {2017}
}
