@online{ExpectedGoals,
 author =    {H.P.H. Eggels},
  title =  {Expected Goals in Soccer: Explaining Match Results using Predictive Analytics},
  url =    {https://pure.tue.nl/ws/files/46945853/855660-1.pdf},
  lastaccessed = {Oct 30, 2017},
  year = {2016}
}

@online{FuzzyModel,
  authors =    {A. P. Rotshtein, M. Posner, and A. B. Rakityanskaya},
  title =  {FOOTBALL PREDICTIONS BASED ON A FUZZY MODEL WITH GENETIC AND NEURAL TUNING},
  url =    {https://link-springer-com.proxyiub.uits.iu.edu/content/pdf/10.1007%2Fs10559-005-0098-4.pdf},
  lastaccessed = {Oct 30, 2017},
  year = {2005}
}

@online{MachineLearning,
  authors =    {Albrecht Zimmermann, Jesse Davis},
  title =  {Machine Learning and Data Mining for Sports Analytics},
  url =    {https://lirias.kuleuven.be/bitstream/123456789/424505/1/CW650.pdf},
  lastaccessed = {Oct 30, 2017},
  year = {2013}
}


@online{RPI,
  author =    {Wikipedia},
  title =  {Rating Percentage Index},
  url =    {https://en.wikipedia.org/wiki/Rating_percentage_index},
  lastaccessed = {Oct 30, 2017},
  year = {2017}
}
