@online{SoccerStories,
  author =    {Charles Perin},
  title =  {SoccerStories: A Kick-off for Visual Soccer Analysis},
  url =    {http://ieeexplore.ieee.org.proxyiub.uits.iu.edu/document/6634087/#full-text-section},
  lastaccessed = {Oct 8, 2017},
  year = {2013}
  }
  
@online{SnapShot,
  author =    {Hannah Pileggi},
  title =  {SnapShot: Visualization to Propel Ice Hockey Analytics},
  url =    {http://ieeexplore.ieee.org.proxyiub.uits.iu.edu/document/6327288/},
  lastaccessed = {Oct 7, 2017},
  year = {2012}
  }

@online{FeatureDriven,
  author =    {Halld'or Janetzko},
  title =  {Feature-driven visual analytics of soccer data},
  url =    {http://ieeexplore.ieee.org.proxyiub.uits.iu.edu/xpls/icp.jsp?arnumber=7042477},
  lastaccessed = {Oct 8, 2017},
  year = {2014}
  }
  
@online{CourtVision,
  author =    {Kirk Goldsberry},
  title =  {CourtVision: New Visual and Spatial Analytics for the NBA},
  url =    {http://www.sloansportsconference.com/wp-content/uploads/2012/02/Goldsberry_Sloan_Submission.pdf},
  lastaccessed = {Oct 8, 2017},
  year = {2012}
  }

@online{directorscut,
  author =    {Manuel Stein, Halld√≥r Janetzko, Thorsten Breitkreutz},
  title =  {Director's Cut: Analysis and Annotation of Soccer Matches},
  url =    {http://ieeexplore.ieee.org.proxyiub.uits.iu.edu/document/7579433/#full-text-section},
  lastaccessed = {Oct 8, 2017},
  year = {2016}
  }
  
  @online{ResearchGate,
  author =    {Ali Onur Cerrah},
  title =  {Quantitative Analysis of Goals Scored from Set Pieces: Turkey Super League Application},
  url =    {https://www.researchgate.net/publication/307553842_Quantitative_Analysis_of_Goals_Scored_from_Set_Pieces_Turkey_Super_League_Application},
  lastaccessed = {Oct 7, 2017},
  year = {2016}
  }
  
   @online{GameSetMap,
  author =    {},
  title =  {Game Set Map},
  url =    {http://gamesetmap.com},
  lastaccessed = {Oct 23, 2017},
  year = {2016}
  }
  
